
@MISC{jmonkey,
  TITLE = {{jMonkeyEngine3}},
  MONTH = dec,
  HOWPUBLISHED = "\url{http://jmonkeyengine.org/wiki/doku.php/jme3#tutorials_for_beginners}",
  YEAR = {2012},

}

@MISC{blender,
  TITLE = {{Blender Tutorial}},
  MONTH = dec,
  YEAR = {2012},
  HOWPUBLISHED = "\url{http://cgcookie.com/blender/get-started-with-blender/}"
}

@MISC{psychology,
  AUTHOR = {Dr John Drury and Dr Chris Cocking},
  TITLE = {{The Mass Psychology of Disastersand Emergency Evacuations}},
  MONTH = mar,
  YEAR = {2007},
  URL = {http://www.academia.edu/1190154/The_mass_psychology_of_disasters_and_emergency_evacuations_A_research_report_and_implications_for_practice}
}

@BOOK{casestudy_nightclub_fires,
  AUTHOR    = {Robert F. Duval}, 
  TITLE     = {NFPA Case Study: Nightclub Fires},
  PUBLISHER = {National Fire Protection Association},
  YEAR      = {2006},
}

@BOOK{london_hospital_fires,
  AUTHOR    = {Ruth Carnall}, 
  TITLE     = {Review of ﬁve London hospital ﬁres and their management},
  PUBLISHER = {NHS London},
  YEAR      = {2006},
}

@PHDTHESIS{panMASSEgressThesis,
  AUTHOR    = 	{Xiaoshan Pan},
  TITLE    =   {COMPUTATIONAL MODELING OF HUMAN AND SOCIAL BEHAVIORS FOR EMERGENCY EGRESS ANALYSIS},
  SCHOOL   =   {Stanford University},
  YEAR	   =   {2006},
}

@PHDTHESIS{CIFEResearchProposal,
AUTHOR = {Kincho H. Law, Ken Dauber and Xiaoshan Pan},
TITLE = {Computational Modeling of Nonadaptive Crowd Behaviors for Egress Analysis},
SCHOOL = {Stanford University},
YEAR = {2006},
}

@PHDTHESIS{SimulexVSEvacuatioNZ,
AUTHOR = {Sing Yen Ko},
TITLE = {Comparison of Evacuation Times Using Simulex and EvacuatioNZ Based on Trial Evacuations},
SCHOOL = {University of Canterbury}
YEAR = {2003},
}

@PHDTHESIS{EgressBehaviourKirchner,
AUTHOR = {Ansgar Kirchnera, Hubert Klupfel, Katsuhiro Nishinari,Andreas Schadschneider, Michael Schreckenberg},
TITLE = {Simulation of competitive egress behavior: comparison with aircraft evacuation data},
SCHOOL = {Various Institutes},
YEAR = {2003},
}

@BOOK{HandbookOfPsychology5,
EDITOR = {Irving B. Weiner, Theodore Millon & Melvin J. Lerner},
TITLE = {Handbook of Psychology, Volume 5: Personality and Social Psychology},
PUBLISHER = {John Wiley & Sons},
YEAR = {2003},
}

@PHDTHESIS{BottleneckStudy,
AUTHOR = {Tobias Kretz, Anna Grunebohm and Michael Schreckenberg},
TITLE = {Experimental study of pedestrian flow through a bottleneck},
SCHOOL = {University of Dulsburg-Essen},
YEAR = {2008},
}

@PHDTHESIS{CrowdDynamicsStill,
AUTHOR = {G. Keith Still},
TITLE = {Crowd Dynamics},
SCHOOL = {University of Warwick},
YEAR = {2000},
}

@ARTICLE{HerdingInHumans,
AUTHOR = {Ramsey M. Raafat, Nick Chater and Chris Frith},
TITLE = {Herding in humans},
JOURNAL =  {Trends in Cognitive Science. Vol. 13 No. 10},
YEAR = {2009},
}

@PHDTHESIS{IndivBehaviourPseudo,
AUTHOR = {Xiaoshan Pan, Chuck Han, Kincho H. Law, and Jean-Claude Latombe},
TITLE = {A computational framework to simulate human and social behaviours for egress analysis},
SCHOOL = {Stanford University},
YEAR = {2006},
}

@UNPUBLISHED{BoundedRationalityDefinition,
AUTHOR = {Gerd Gigerenzer and Peter M. Todd},
TITLE = {Simple Heuristics That Make Us Smart},
NOTE = {.},
}

@MISC{SocialProofWiki,
TITLE = {\url{http://en.wikipedia.org/wiki/Social_proof}}
}

@MISC{AdaptiveBehaviourWiki,
TITLE = {\url{http://en.wikipedia.org/wiki/Adaptive_behavior_(ecology)}}
}

@MISC{ProxemicsWiki,
TITLE = {\url{http://en.wikipedia.org/wiki/Proxemics}}
}


@BOOK{HiddenDimension,
AUTHOR = {Edward T. Hall},
TITLE = {The Hidden Dimension},
PUBLISHER = {Bantam Doubleday Dell Publishing Group},
YEAR = {1966},
}

@PHDTHESIS{MultiAgentFramework,
AUTHOR = {Xiaoshan Pan, Charles S. Han, Ken Dauber, Kincho H. Law},
TITLE = {A multi-agent based framework for the simulation of human and social behaviors during emergency evacuations},
SCHOOL = {Stanford University},
YEAR = {2006},
}







